<?xml version="1.0" encoding="UTF-8"?><collection xmlns="http://www.loc.gov/MARC21/slim"><record><leader>00677nam--2200181-i-4500</leader><controlfield tag="001">000014318</controlfield><controlfield tag="002">20161230</controlfield><controlfield tag="005">20161230201030</controlfield><controlfield tag="008">060222s1000------------r-----000-0-fre-d</controlfield><datafield ind1=" " ind2=" " tag="040"><subfield code="a">IFIN-HH</subfield></datafield><datafield ind1=" " ind2=" " tag="041"><subfield code="a">fre</subfield></datafield><datafield ind1=" " ind2=" " tag="080"><subfield code="a">539.12.04:543.53(043)</subfield></datafield><datafield ind1="1" ind2=" " tag="100"><subfield code="a">Blondiaux, Gilbert</subfield></datafield><datafield ind1="1" ind2="0" tag="245"><subfield code="a">Contribution a l'etude de phenomenes pouvant perturber l'analyse par irradiation avec les particules chargees. phenomene de diffusion sous irradiation. modification de la sourse sous irradiation. etudes sur les pouvoirs d'arret</subfield><subfield code="b">These</subfield><subfield code="c">Gilbert blondiaux</subfield></datafield><datafield ind1=" " ind2=" " tag="260"><subfield code="a">Orleans</subfield><subfield code="b">Universite</subfield><subfield code="c">1980</subfield></datafield><datafield ind1=" " ind2=" " tag="300"><subfield code="a">81 P. + 44 FIG</subfield></datafield><datafield ind1=" " ind2=" " tag="852"><subfield code="a">70667</subfield><subfield code="c">539.12</subfield></datafield><datafield ind1=" " ind2=" " tag="CAT"><subfield code="a">Sys</subfield><subfield code="c">20111209</subfield><subfield code="h">111010</subfield></datafield></record></collection>